<collection xmlns="http://www.loc.gov/MARC21/slim">
<record>
  <leader>02225nam0a2200337 i 450 </leader>
  <controlfield tag="001">IT\ICCU\CNCE\035510</controlfield>
  <controlfield tag="005">20200921000000.0</controlfield>
  <datafield tag="012" ind1=" " ind2=" ">
    <subfield code="a">abp- 37u- e-e- intu (3) 1597 (A)</subfield>
    <subfield code="2">fei</subfield>
  </datafield>
  <datafield tag="100" ind1=" " ind2=" ">
    <subfield code="a">19980112d1597        0itac0103    ba</subfield>
  </datafield>
  <datafield tag="101" ind1=" " ind2=" ">
    <subfield code="a">LAT</subfield>
  </datafield>
  <datafield tag="102" ind1=" " ind2=" ">
    <subfield code="a">IT</subfield>
  </datafield>
  <datafield tag="200" ind1="1" ind2=" ">
    <subfield code="a">℗Claudii Tutii archipresbyteri hostiliani, i.c. ℗Nouae repetitiones duae, rubricae nimirum et legis unicae, C. quando non pet. part. Legis item praegnantis, ff. de poenis. Quaestiones praeterea XVIII in materia iuris patronatus ecclesiastici. Et allegationes in iure quinquaginta, diuersis in causis, et foris ab eodem ex facto propositae. Omnibus tam in scholis, quam in foro versantibus perutiles et necessariae. Indice adiecto rerum pariter, et verborum copiosissimo</subfield>
  </datafield>
  <datafield tag="210" ind1=" " ind2=" ">
    <subfield code="a">Venetiis</subfield>
    <subfield code="c">apud Hieronymum Polum</subfield>
    <subfield code="d">1597</subfield>
  </datafield>
  <datafield tag="215" ind1=" " ind2=" ">
    <subfield code="a">\48!, 286, \2! p.</subfield>
    <subfield code="c">ill.</subfield>
    <subfield code="d">4ʻ</subfield>
  </datafield>
  <datafield tag="620" ind1=" " ind2=" ">
    <subfield code="a">IT</subfield>
    <subfield code="d">Venezia</subfield>
  </datafield>
  <datafield tag="700" ind1=" " ind2="1">
    <subfield code="a">Tuzio,</subfield>
    <subfield code="b">Claudio</subfield>
    <subfield code="3">IT\ICCU\CNCA\009995</subfield>
  </datafield>
  <datafield tag="712" ind1="0" ind2="0">
    <subfield code="a">Polo, Girolamo</subfield>
    <subfield code="3">IT\ICCU\CNCT\000547</subfield>
    <subfield code="4">650</subfield>
  </datafield>
  <datafield tag="790" ind1=" " ind2="1">
    <subfield code="a">Tutius,</subfield>
    <subfield code="b">Claudius</subfield>
    <subfield code="3">IT\ICCU\CNCA\025000</subfield>
    <subfield code="z">Tuzio, Claudio</subfield>
  </datafield>
  <datafield tag="791" ind1="0" ind2="0">
    <subfield code="a">Polus, Hieronymus</subfield>
    <subfield code="3">IT\ICCU\CNCT\005464</subfield>
    <subfield code="z">Polo, Girolamo</subfield>
  </datafield>
  <datafield tag="791" ind1="0" ind2="0">
    <subfield code="a">Polis, Hieronymus de</subfield>
    <subfield code="3">IT\ICCU\CNCT\005465</subfield>
    <subfield code="z">Polo, Girolamo</subfield>
  </datafield>
  <datafield tag="801" ind1=" " ind2="3">
    <subfield code="a">IT</subfield>
    <subfield code="b">ICCU</subfield>
    <subfield code="c">20201114</subfield>
  </datafield>
  <datafield tag="899" ind1=" " ind2=" ">
    <subfield code="a">Archivio biblioteca museo civico. ABMC. Altamura</subfield>
    <subfield code="1">BA0004</subfield>
    <subfield code="2">BA1 34</subfield>
  </datafield>
  <datafield tag="899" ind1=" " ind2=" ">
    <subfield code="a">Biblioteca comunale Matteo Renato Imbriani. Corato</subfield>
    <subfield code="1">BA0090</subfield>
    <subfield code="2">BA1 23</subfield>
  </datafield>
  <datafield tag="899" ind1=" " ind2=" ">
    <subfield code="a">Biblioteca universitaria. Cagliari</subfield>
    <subfield code="1">CA0194</subfield>
    <subfield code="2">CAG UC</subfield>
  </datafield>
  <datafield tag="899" ind1=" " ind2=" ">
    <subfield code="a">Biblioteca nazionale Braidense. Milano</subfield>
    <subfield code="1">MI0185</subfield>
    <subfield code="2">MIL NB</subfield>
  </datafield>
  <datafield tag="899" ind1=" " ind2=" ">
    <subfield code="a">Biblioteca del Dipartimento di diritto privato e storia del diritto dell&apos;Universit ̉degli studi di Milano. Milano</subfield>
    <subfield code="1">MI1334</subfield>
    <subfield code="2">USM L1</subfield>
  </datafield>
  <datafield tag="899" ind1=" " ind2=" ">
    <subfield code="a">Biblioteca delle facolt ̉di Giurisprudenza e Scienze politiche dell&apos;Universit ̉degli studi di Urbino. Urbino</subfield>
    <subfield code="1">PU0127</subfield>
    <subfield code="2">URB AG</subfield>
  </datafield>
  <datafield tag="899" ind1=" " ind2=" ">
    <subfield code="a">Biblioteca universitaria. Pavia</subfield>
    <subfield code="1">PV0291</subfield>
    <subfield code="2">MIL UP</subfield>
  </datafield>
  <datafield tag="899" ind1=" " ind2=" ">
    <subfield code="a">Biblioteca nazionale centrale. Roma</subfield>
    <subfield code="1">RM0267</subfield>
    <subfield code="2">BVE CR</subfield>
  </datafield>
  <datafield tag="911" ind1=" " ind2=" ">
    <subfield code="a">Sul front.</subfield>
    <subfield code="9">IT\ICCU\CNCM\000445</subfield>
  </datafield>
  <datafield tag="921" ind1=" " ind2=" ">
    <subfield code="a">IT\ICCU\CNCM\000445</subfield>
    <subfield code="b">Cerbero con due teste abbassate e una alzata per azzannare il cibo che gli viene lanciato da una mano.</subfield>
    <subfield code="e">Vis vincitur arte.</subfield>
    <subfield code="c">Q51</subfield>
    <subfield code="c">V432</subfield>
    <subfield code="c">Z230</subfield>
    <subfield code="d">Dimensioni: 7,5 x 7</subfield>
    <subfield code="f">CANE</subfield>
    <subfield code="f">CERBERO</subfield>
    <subfield code="f">CIBO</subfield>
    <subfield code="f">MANO</subfield>
    <subfield code="f">VISVINCITU</subfield>
    <subfield code="g">1576-1599</subfield>
  </datafield>
</record>
</collection>
